@Inbook{Gusarov2018,
author="Gusarov, Vladimir I.",
editor="Betz, Oliver
and Irmler, Ulrich
and Klimaszewski, Jan",
title="Phylogeny of the Family Staphylinidae Based on Molecular Data: A Review",
bookTitle="Biology of Rove Beetles (Staphylinidae): Life History, Evolution, Ecology and Distribution",
year="2018",
publisher="Springer International Publishing",
address="Cham",
pages="7--25",
abstract="Molecular phylogenySIMolecular phylogeny of staphylinid beetles as published in 36 papers is reviewed. For every paper, the markers used, the size of the analyzed dataset, and the taxonomic focus are listed. Availability of sequence and genomic dataSIGenomic data for the entire family and all subfamilies is summarized. The current knowledge of staphylinid phylogenySIPhylogeny is presented in a supertreeSISupertree. Phylogenetic relationshipsSIPhylogenetic relationships between the Staphylinidae and other staphylinoidSIStaphylinoid families, among and within staphylinid subfamilies, are discussed.",
isbn="978-3-319-70257-5",
doi="10.1007/978-3-319-70257-5_2",
url="https://doi.org/10.1007/978-3-319-70257-5_2"
}
@article{Lu2022,
  title = {Complete mitogenomes and phylogenetic relationships of Haemaphysalis nepalensis and Haemaphysalis yeni},
  volume = {9},
  ISSN = {2297-1769},
  url = {http://dx.doi.org/10.3389/fvets.2022.1007631},
  DOI = {10.3389/fvets.2022.1007631},
  journal = {Frontiers in Veterinary Science},
  publisher = {Frontiers Media SA},
  author = {Lu,  Xin-yan and Zhang,  Quan-fu and Jiang,  Dan-dan and Liu,  Ya-fang and Chen,  Bin and Yang,  Shuang-ping and Shao,  Zong-ti and Jiang,  Hang and Wang,  Jian and Fang,  Yi-hao and Du,  Chun-hong and Yang,  Xing},
  year = {2022},
  month = nov 
}